<record xmlns="http://www.loc.gov/MARC21/slim" xmlns:xsi="http://www.w3.org/2001/XMLSchema-instance" xsi:schemaLocation="http://www.loc.gov/MARC21/slim http://www.loc.gov/standards/marcxml/schema/MARC21slim.xsd"><leader>     nam a22        4500</leader><controlfield tag="001">3071810</controlfield><controlfield tag="003">NNC</controlfield><controlfield tag="006">m        d        </controlfield><controlfield tag="007">cr cn |||m|||a</controlfield><controlfield tag="008">150601s1944    ua      ob    000 0 ara d</controlfield><datafield ind1=" " ind2=" " tag="040"><subfield code="a">NNU</subfield><subfield code="b">eng</subfield><subfield code="e">rda</subfield><subfield code="c">NNU</subfield></datafield><datafield ind1="1" ind2=" " tag="100"><subfield code="6">880-01</subfield><subfield code="a">Nash&#700;at, Muh&#803;ammad &#699;Ali&#772;. </subfield></datafield><datafield ind1="1" ind2="0" tag="245"><subfield code="6">880-02</subfield><subfield code="a">Ra&#772;&#700;id al-iqtis&#803;a&#772;d Ibn Khaldu&#772;n /</subfield><subfield code="c">ta&#700;li&#772;f Muh&#803;ammad &#699;Ali&#772; Nash&#700;at.</subfield></datafield><datafield ind1=" " ind2=" " tag="260"><subfield code="6">880-03</subfield><subfield code="a">al-Qa&#772;hirah :</subfield><subfield code="b">Da&#772;r al-Kutub al-Mis&#803;ri&#772;yah,</subfield><subfield code="c">1944.</subfield></datafield><datafield ind1=" " ind2=" " tag="300"><subfield code="a">online resource (223 pages)</subfield></datafield><datafield ind1=" " ind2=" " tag="336"><subfield code="a">text</subfield><subfield code="2">rdacontent</subfield></datafield><datafield ind1=" " ind2=" " tag="337"><subfield code="a">computer</subfield><subfield code="2">rdamedia</subfield></datafield><datafield ind1=" " ind2=" " tag="338"><subfield code="a">online resource</subfield><subfield code="2">rdacarrier</subfield></datafield><datafield ind1=" " ind2=" " tag="500"><subfield code="6">880-04</subfield><subfield code="a">S&#803;adara ayd&#803;an tah&#803;ta &#699;inwa&#772;n: al-Fikr al-Iqtis&#803;a&#772;di&#772; fi&#772; muqaddimat Ibn Khaldu&#772;n --Risa&#772;lat Duktu&#772;ra&#772;h. al-Qa&#772;hirah.</subfield></datafield><datafield ind1=" " ind2=" " tag="500"><subfield code="a">Part of the Arabic Collections Online (ACO) project, contributed by Columbia University Libraries.</subfield></datafield><datafield ind1=" " ind2=" " tag="504"><subfield code="a">Includes bibliographical references (pages 213-214).</subfield></datafield><datafield ind1=" " ind2=" " tag="533"><subfield code="a">Electronic reproduction.</subfield><subfield code="b">New York, N.Y. :</subfield><subfield code="c">New York University,</subfield><subfield code="d">2015.</subfield><subfield code="5">NNU</subfield></datafield><datafield ind1="0" ind2="0" tag="600"><subfield code="6">880-05</subfield><subfield code="a">Ibn Khaldu&#772;n,</subfield><subfield code="d">1332-1406.</subfield></datafield><datafield ind1="0" ind2="7" tag="600"><subfield code="a">Ibn Khaldu&#772;n,</subfield><subfield code="d">1332-1406</subfield><subfield code="2">fast</subfield><subfield code="0">(OCoLC)fst00017753</subfield></datafield><datafield ind1="2" ind2=" " tag="710"><subfield code="a">Columbia University.</subfield><subfield code="b">Libraries.</subfield></datafield><datafield ind1="0" ind2=" " tag="730"><subfield code="a">Arabic Collections Online.</subfield></datafield><datafield ind1="0" ind2="8" tag="776"><subfield code="i">Print version:</subfield><subfield code="a">Nash&#700;at, Muh&#803;ammad &#699;Ali&#772;.</subfield><subfield code="t">Ra&#772;&#700;id al-iqtis&#803;a&#772;d Ibn Khaldu&#772;n</subfield><subfield code="w">(NNC)3071810</subfield><subfield code="w">(OCoLC)38997896</subfield></datafield><datafield ind1="4" ind2="0" tag="856"><subfield code="u">http://hdl.handle.net/2333.1/41ns1v0p</subfield></datafield><datafield ind1="1" ind2=" " tag="880"><subfield code="6">100-01/r</subfield><subfield code="a">&#1606;&#1588;&#1571;&#1578;&#1548; &#1605;&#1581;&#1605;&#1583; &#1593;&#1604;&#1610;. </subfield></datafield><datafield ind1="1" ind2="0" tag="880"><subfield code="6">245-02/r</subfield><subfield code="a">&#1585;&#1575;&#1574;&#1583; &#1575;&#1604;&#1573;&#1602;&#1578;&#1589;&#1575;&#1583; &#1575;&#1576;&#1606; &#1582;&#1604;&#1583;&#1608;&#1606; /</subfield><subfield code="c">&#1578;&#1571;&#1604;&#1610;&#1601; &#1605;&#1581;&#1605;&#1583; &#1593;&#1604;&#1610; &#1606;&#1588;&#1571;&#1578;.</subfield></datafield><datafield ind1=" " ind2=" " tag="880"><subfield code="6">260-03/r</subfield><subfield code="a">&#1575;&#1604;&#1602;&#1575;&#1607;&#1585;&#1577; :</subfield><subfield code="b">&#1583;&#1575;&#1585; &#1575;&#1604;&#1603;&#1578;&#1576; &#1575;&#1604;&#1605;&#1589;&#1585;&#1610;&#1577;&#1548;</subfield><subfield code="c">1944.</subfield></datafield><datafield ind1=" " ind2=" " tag="880"><subfield code="6">500-04/r</subfield><subfield code="a">&#1589;&#1583;&#1585; &#1575;&#1610;&#1590;&#1575;&#1611; &#1578;&#1581;&#1578; &#1593;&#1606;&#1608;&#1575;&#1606;: &#1575;&#1604;&#1601;&#1603;&#1585; &#1575;&#1604;&#1575;&#1602;&#1578;&#1589;&#1575;&#1583;&#1610; &#1601;&#1610; &#1605;&#1602;&#1583;&#1605;&#1577; &#1575;&#1576;&#1606; &#1582;&#1604;&#1583;&#1608;&#1606; &#1585;&#1587;&#1575;&#1604;&#1577; &#1583;&#1603;&#1578;&#1608;&#1585;&#1575;&#1607;. &#1575;&#1604;&#1602;&#1575;&#1607;&#1585;&#1577;.</subfield></datafield><datafield ind1="0" ind2="4" tag="880"><subfield code="6">600-05/r</subfield><subfield code="a">&#1575;&#1576;&#1606; &#1582;&#1604;&#1583;&#1608;&#1606;&#1548;</subfield><subfield code="d">1332-1406.</subfield></datafield><datafield ind1=" " ind2=" " tag="959"><subfield code="a">NNU</subfield><subfield code="b">WEB</subfield><subfield code="c">GENI</subfield><subfield code="t">0</subfield><subfield code="m">Electronic access</subfield><subfield code="s">01</subfield></datafield><datafield ind1=" " ind2=" " tag="999"><subfield code="i">NNC_3071810</subfield><subfield code="o">(OCoLC)ocm38997896</subfield><subfield code="s">columbia_aco000435</subfield><subfield code="e">(ERROR-880)</subfield><subfield code="s">columbia_aco000435</subfield></datafield></record>